<?xml version="1.0" encoding="UTF-8"?><collection xmlns="http://www.loc.gov/MARC21/slim"><record><leader>00437nam--2200145-i-4500</leader><controlfield tag="001">000009957</controlfield><controlfield tag="002">20161230</controlfield><controlfield tag="005">20161230201028</controlfield><controlfield tag="008">060222s1000------------r-----000-0-eng-d</controlfield><datafield ind1=" " ind2=" " tag="080"><subfield code="a">621.391</subfield></datafield><datafield ind1=" " ind2=" " tag="100"><subfield code="a">Bauer, Friedrich L.Und Goos, Gerhard</subfield></datafield><datafield ind1=" " ind2=" " tag="245"><subfield code="a">Informatik. eine einfuhrende ubersicht erster teil. mit 110 abbildungen</subfield></datafield><datafield ind1=" " ind2=" " tag="260"><subfield code="a">Berlin, Springer-verlag, 1971 Xii + 213 P</subfield></datafield><datafield ind1=" " ind2=" " tag="490"><subfield code="a">Heidelberger Taschenbucher</subfield></datafield><datafield ind1=" " ind2=" " tag="852"><subfield code="a">35925</subfield></datafield></record></collection>